% Bibliography for the habilitation thesis of Max Neunhoeffer

@BOOK{CR0,
  AUTHOR = "Charles W. Curtis and Irving Reiner",
  TITLE = {Representation Theory of Finite Groups and Associative Algebras},
  PUBLISHER = {John Wiley \& Sons},
  ADDRESS = "New York, Chichester, Brisbane, Toronto, Singapore",
  YEAR = 1962
}

@MISC{Nickel,
author = {Nickel, Werner},
title = {Endliche K{\"o}rper in dem gruppentheoretischen Programmsystem GAP},
school = {RWTH Aachen},
year = {1988},
note = {Diploma thesis},
}

@MISC{ConwayFL,
author = {L{\"u}beck, Frank},
title = {Conway polynomials for finite fields},
year = {2001},
note = {{\\\small\texttt{http://www.math.rwth-aachen.de:8001/\~{}%
Frank.Luebeck/\\ \hspace*{1cm}data/ConwayPol/index.html?LANG=en}}},
}

@incollection {MeatAxeRP,
    AUTHOR = {Parker, R. A.},
     TITLE = {The computer calculation of modular characters (the meat-axe)},
 BOOKTITLE = {Computational group theory (Durham, 1982)},
     PAGES = {267--274},
 PUBLISHER = {Academic Press},
   ADDRESS = {London},
      YEAR = {1984},
   MRCLASS = {20C20 (20-04)},
  MRNUMBER = {MR760660 (85k:20041)},
MRREVIEWER = {Leo J. Alex},
}
